%YAML 1.1
%TAG !u! tag:unity3d.com,2011:
--- !u!1001 &100100000
Prefab:
  m_ObjectHideFlags: 1
  serializedVersion: 2
  m_Modification:
    m_TransformParent: {fileID: 0}
    m_Modifications: []
    m_RemovedComponents: []
  m_ParentPrefab: {fileID: 0}
  m_RootGameObject: {fileID: 1282587338431594}
  m_IsPrefabParent: 1
--- !u!1 &1106658457573136
GameObject:
  m_ObjectHideFlags: 0
  m_PrefabParentObject: {fileID: 0}
  m_PrefabInternal: {fileID: 100100000}
  serializedVersion: 5
  m_Component:
  - component: {fileID: 224392461901903046}
  - component: {fileID: 222840735489401146}
  - component: {fileID: 114444388608861634}
  m_Layer: 5
  m_Name: Inside
  m_TagString: Untagged
  m_Icon: {fileID: 0}
  m_NavMeshLayer: 0
  m_StaticEditorFlags: 0
  m_IsActive: 1
--- !u!1 &1282587338431594
GameObject:
  m_ObjectHideFlags: 0
  m_PrefabParentObject: {fileID: 0}
  m_PrefabInternal: {fileID: 100100000}
  serializedVersion: 5
  m_Component:
  - component: {fileID: 224452995589734924}
  - component: {fileID: 222388040904994080}
  - component: {fileID: 114534864521189312}
  - component: {fileID: 114574975496512068}
  - component: {fileID: 114098513022078370}
  - component: {fileID: 114853723940178896}
  - component: {fileID: 114878794837709224}
  - component: {fileID: 114114013015169776}
  - component: {fileID: 114795028612177204}
  - component: {fileID: 114610651975956014}
  - component: {fileID: 114366148251155050}
  - component: {fileID: 114055786401082328}
  m_Layer: 5
  m_Name: Water
  m_TagString: playerCard
  m_Icon: {fileID: 0}
  m_NavMeshLayer: 0
  m_StaticEditorFlags: 0
  m_IsActive: 1
--- !u!1 &1415177900994942
GameObject:
  m_ObjectHideFlags: 0
  m_PrefabParentObject: {fileID: 0}
  m_PrefabInternal: {fileID: 100100000}
  serializedVersion: 5
  m_Component:
  - component: {fileID: 224331183497399956}
  - component: {fileID: 222002059951117090}
  - component: {fileID: 114732300904223678}
  m_Layer: 5
  m_Name: CardNameText
  m_TagString: Untagged
  m_Icon: {fileID: 0}
  m_NavMeshLayer: 0
  m_StaticEditorFlags: 0
  m_IsActive: 1
--- !u!1 &1600379798006058
GameObject:
  m_ObjectHideFlags: 0
  m_PrefabParentObject: {fileID: 0}
  m_PrefabInternal: {fileID: 100100000}
  serializedVersion: 5
  m_Component:
  - component: {fileID: 224832729795061908}
  - component: {fileID: 222967176897360910}
  - component: {fileID: 114200684726887648}
  m_Layer: 5
  m_Name: CardCaloriesText
  m_TagString: Untagged
  m_Icon: {fileID: 0}
  m_NavMeshLayer: 0
  m_StaticEditorFlags: 0
  m_IsActive: 1
--- !u!114 &114055786401082328
MonoBehaviour:
  m_ObjectHideFlags: 1
  m_PrefabParentObject: {fileID: 0}
  m_PrefabInternal: {fileID: 100100000}
  m_GameObject: {fileID: 1282587338431594}
  m_Enabled: 1
  m_EditorHideFlags: 0
  m_Script: {fileID: 11500000, guid: 491a49e86c517a54cb666fe1e9d7f013, type: 3}
  m_Name: 
  m_EditorClassIdentifier: 
  moveSpeed: 0
  validationPointTransform: {fileID: 0}
--- !u!114 &114098513022078370
MonoBehaviour:
  m_ObjectHideFlags: 1
  m_PrefabParentObject: {fileID: 0}
  m_PrefabInternal: {fileID: 100100000}
  m_GameObject: {fileID: 1282587338431594}
  m_Enabled: 1
  m_EditorHideFlags: 0
  m_Script: {fileID: 11500000, guid: 6f47903ebb09b0240bbac98e2fd9aff9, type: 3}
  m_Name: 
  m_EditorClassIdentifier: 
  rectTransform: {fileID: 224452995589734924}
  animationParts:
    PositionPropetiesAnim:
      positionEnabled: 0
      TweenCurveEnterPos:
        serializedVersion: 2
        m_Curve: []
        m_PreInfinity: 2
        m_PostInfinity: 2
        m_RotationOrder: 4
      TweenCurveExitPos:
        serializedVersion: 2
        m_Curve: []
        m_PreInfinity: 2
        m_PostInfinity: 2
        m_RotationOrder: 4
      StartPos: {x: 0, y: 0, z: 0}
      EndPos: {x: 0, y: 0, z: 0}
      StartWorldPos: {x: 0, y: 0, z: 0}
      EndWorldPos: {x: 0, y: 0, z: 0}
    ScalePropetiesAnim:
      scaleEnabled: 0
      TweenCurveEnterScale:
        serializedVersion: 2
        m_Curve: []
        m_PreInfinity: 2
        m_PostInfinity: 2
        m_RotationOrder: 4
      TweenCurveExitScale:
        serializedVersion: 2
        m_Curve: []
        m_PreInfinity: 2
        m_PostInfinity: 2
        m_RotationOrder: 4
      StartScale: {x: 0, y: 0, z: 0}
      EndScale: {x: 0, y: 0, z: 0}
    RotationPropetiesAnim:
      rotationEnabled: 0
      TweenCurveEnterRot:
        serializedVersion: 2
        m_Curve: []
        m_PreInfinity: 2
        m_PostInfinity: 2
        m_RotationOrder: 4
      TweenCurveExitRot:
        serializedVersion: 2
        m_Curve: []
        m_PreInfinity: 2
        m_PostInfinity: 2
        m_RotationOrder: 4
      StartRot: {x: 0, y: 0, z: 0}
      EndRot: {x: 0, y: 0, z: 0}
    FadePropetiesAnim:
      fadeInOutEnabled: 0
      fadeOverride: 0
      startFade: 0
      endFade: 1
    UnscaledTimeAnimation: 0
    SaveState: 1
    AtomicAnimation: 1
    ObjectState: 1
    EndState: 0
    CallCallback: 15
    IntroEvents:
      m_PersistentCalls:
        m_Calls: []
      m_TypeName: UnityEngine.Events.UnityEvent, UnityEngine.CoreModule, Version=0.0.0.0,
        Culture=neutral, PublicKeyToken=null
    ExitEvents:
      m_PersistentCalls:
        m_Calls: []
      m_TypeName: UnityEngine.Events.UnityEvent, UnityEngine.CoreModule, Version=0.0.0.0,
        Culture=neutral, PublicKeyToken=null
    animationDuration: 1
--- !u!114 &114114013015169776
MonoBehaviour:
  m_ObjectHideFlags: 1
  m_PrefabParentObject: {fileID: 0}
  m_PrefabInternal: {fileID: 100100000}
  m_GameObject: {fileID: 1282587338431594}
  m_Enabled: 1
  m_EditorHideFlags: 0
  m_Script: {fileID: -900027084, guid: f70555f144d8491a825f0804e09c671c, type: 3}
  m_Name: 
  m_EditorClassIdentifier: 
  m_EffectColor: {r: 0.16911763, g: 0.5186612, b: 1, a: 1}
  m_EffectDistance: {x: 3, y: -3}
  m_UseGraphicAlpha: 0
--- !u!114 &114200684726887648
MonoBehaviour:
  m_ObjectHideFlags: 1
  m_PrefabParentObject: {fileID: 0}
  m_PrefabInternal: {fileID: 100100000}
  m_GameObject: {fileID: 1600379798006058}
  m_Enabled: 1
  m_EditorHideFlags: 0
  m_Script: {fileID: 708705254, guid: f70555f144d8491a825f0804e09c671c, type: 3}
  m_Name: 
  m_EditorClassIdentifier: 
  m_Material: {fileID: 0}
  m_Color: {r: 1, g: 1, b: 1, a: 1}
  m_RaycastTarget: 1
  m_OnCullStateChanged:
    m_PersistentCalls:
      m_Calls: []
    m_TypeName: UnityEngine.UI.MaskableGraphic+CullStateChangedEvent, UnityEngine.UI,
      Version=1.0.0.0, Culture=neutral, PublicKeyToken=null
  m_FontData:
    m_Font: {fileID: 12800000, guid: 46238fb1ad7a7a84ba8954c1c860994c, type: 3}
    m_FontSize: 14
    m_FontStyle: 0
    m_BestFit: 1
    m_MinSize: 10
    m_MaxSize: 40
    m_Alignment: 4
    m_AlignByGeometry: 1
    m_RichText: 1
    m_HorizontalOverflow: 0
    m_VerticalOverflow: 0
    m_LineSpacing: 1
  m_Text: New Text
--- !u!114 &114366148251155050
MonoBehaviour:
  m_ObjectHideFlags: 1
  m_PrefabParentObject: {fileID: 0}
  m_PrefabInternal: {fileID: 100100000}
  m_GameObject: {fileID: 1282587338431594}
  m_Enabled: 1
  m_EditorHideFlags: 0
  m_Script: {fileID: 11500000, guid: 7d95a10d475c7074b866464ebc14f87a, type: 3}
  m_Name: 
  m_EditorClassIdentifier: 
  caloriesText: {fileID: 114200684726887648}
  cardNameText: {fileID: 0}
--- !u!114 &114444388608861634
MonoBehaviour:
  m_ObjectHideFlags: 1
  m_PrefabParentObject: {fileID: 0}
  m_PrefabInternal: {fileID: 100100000}
  m_GameObject: {fileID: 1106658457573136}
  m_Enabled: 1
  m_EditorHideFlags: 0
  m_Script: {fileID: -765806418, guid: f70555f144d8491a825f0804e09c671c, type: 3}
  m_Name: 
  m_EditorClassIdentifier: 
  m_Material: {fileID: 0}
  m_Color: {r: 0, g: 0, b: 0, a: 1}
  m_RaycastTarget: 1
  m_OnCullStateChanged:
    m_PersistentCalls:
      m_Calls: []
    m_TypeName: UnityEngine.UI.MaskableGraphic+CullStateChangedEvent, UnityEngine.UI,
      Version=1.0.0.0, Culture=neutral, PublicKeyToken=null
  m_Sprite: {fileID: 21300000, guid: 901ddf6d4b65d6c43a706d3bef91d240, type: 3}
  m_Type: 1
  m_PreserveAspect: 0
  m_FillCenter: 1
  m_FillMethod: 4
  m_FillAmount: 1
  m_FillClockwise: 1
  m_FillOrigin: 0
--- !u!114 &114534864521189312
MonoBehaviour:
  m_ObjectHideFlags: 1
  m_PrefabParentObject: {fileID: 0}
  m_PrefabInternal: {fileID: 100100000}
  m_GameObject: {fileID: 1282587338431594}
  m_Enabled: 1
  m_EditorHideFlags: 0
  m_Script: {fileID: -765806418, guid: f5f67c52d1564df4a8936ccd202a3bd8, type: 3}
  m_Name: 
  m_EditorClassIdentifier: 
  m_Material: {fileID: 0}
  m_Color: {r: 1, g: 1, b: 1, a: 1}
  m_RaycastTarget: 1
  m_OnCullStateChanged:
    m_PersistentCalls:
      m_Calls: []
    m_TypeName: UnityEngine.UI.MaskableGraphic+CullStateChangedEvent, UnityEngine.UI,
      Version=1.0.0.0, Culture=neutral, PublicKeyToken=null
  m_Sprite: {fileID: 21300000, guid: 901ddf6d4b65d6c43a706d3bef91d240, type: 3}
  m_Type: 1
  m_PreserveAspect: 0
  m_FillCenter: 1
  m_FillMethod: 4
  m_FillAmount: 1
  m_FillClockwise: 1
  m_FillOrigin: 0
--- !u!114 &114574975496512068
MonoBehaviour:
  m_ObjectHideFlags: 1
  m_PrefabParentObject: {fileID: 0}
  m_PrefabInternal: {fileID: 100100000}
  m_GameObject: {fileID: 1282587338431594}
  m_Enabled: 1
  m_EditorHideFlags: 0
  m_Script: {fileID: 11500000, guid: 75e0b01f2086b4a488116ebe132d6dc3, type: 3}
  m_Name: 
  m_EditorClassIdentifier: 
  shouldMoveToAPoint: 0
  isObjMoveOnInit: 1
  startDelay: 1.2
  initialDestination: {fileID: 0}
  finalDestination: {fileID: 0}
  easeCurveStart:
    serializedVersion: 2
    m_Curve:
    - serializedVersion: 2
      time: 0
      value: -0.006291561
      inSlope: 2.0941534
      outSlope: 0.9187146
      tangentMode: 1
    - serializedVersion: 2
      time: 0.6634269
      value: 1.1676084
      inSlope: 0.009671883
      outSlope: 0.009671883
      tangentMode: 0
    - serializedVersion: 2
      time: 0.9984004
      value: 0.9995612
      inSlope: -0.320673
      outSlope: -20.051817
      tangentMode: 65
    m_PreInfinity: 2
    m_PostInfinity: 2
    m_RotationOrder: 0
  easeCurveEnd:
    serializedVersion: 2
    m_Curve:
    - serializedVersion: 2
      time: 0
      value: -0.006291561
      inSlope: 2.0941534
      outSlope: 0.9187146
      tangentMode: 1
    - serializedVersion: 2
      time: 0.6634269
      value: 1.1676084
      inSlope: 0.009671883
      outSlope: 0.009671883
      tangentMode: 0
    - serializedVersion: 2
      time: 0.9984004
      value: 0.9995612
      inSlope: -0.320673
      outSlope: -20.051817
      tangentMode: 65
    m_PreInfinity: 2
    m_PostInfinity: 2
    m_RotationOrder: 0
  TweenToControl: {fileID: 114098513022078370}
--- !u!114 &114610651975956014
MonoBehaviour:
  m_ObjectHideFlags: 1
  m_PrefabParentObject: {fileID: 0}
  m_PrefabInternal: {fileID: 100100000}
  m_GameObject: {fileID: 1282587338431594}
  m_Enabled: 1
  m_EditorHideFlags: 0
  m_Script: {fileID: 11500000, guid: f12f8a0289e66fb46ab9a150bbd2d346, type: 3}
  m_Name: 
  m_EditorClassIdentifier: 
  cardType: 3
  cardName: Water
  calories: -1000
  minRandCalories: -1000
  maxRandCalories: -800
  validationPoint: {fileID: 0}
  discardPoint: {fileID: 0}
  canPickRandomCaloriesAmount: 0
  shouldMoveToAPoint: 0
  ValidationPointTypeTag: 
  DiscardPointTypeTag: 
--- !u!114 &114732300904223678
MonoBehaviour:
  m_ObjectHideFlags: 1
  m_PrefabParentObject: {fileID: 0}
  m_PrefabInternal: {fileID: 100100000}
  m_GameObject: {fileID: 1415177900994942}
  m_Enabled: 1
  m_EditorHideFlags: 0
  m_Script: {fileID: 708705254, guid: f70555f144d8491a825f0804e09c671c, type: 3}
  m_Name: 
  m_EditorClassIdentifier: 
  m_Material: {fileID: 0}
  m_Color: {r: 1, g: 1, b: 1, a: 1}
  m_RaycastTarget: 1
  m_OnCullStateChanged:
    m_PersistentCalls:
      m_Calls: []
    m_TypeName: UnityEngine.UI.MaskableGraphic+CullStateChangedEvent, UnityEngine.UI,
      Version=1.0.0.0, Culture=neutral, PublicKeyToken=null
  m_FontData:
    m_Font: {fileID: 12800000, guid: 46238fb1ad7a7a84ba8954c1c860994c, type: 3}
    m_FontSize: 14
    m_FontStyle: 0
    m_BestFit: 1
    m_MinSize: 10
    m_MaxSize: 40
    m_Alignment: 7
    m_AlignByGeometry: 1
    m_RichText: 1
    m_HorizontalOverflow: 0
    m_VerticalOverflow: 0
    m_LineSpacing: 1
  m_Text: New Text
--- !u!114 &114795028612177204
MonoBehaviour:
  m_ObjectHideFlags: 1
  m_PrefabParentObject: {fileID: 0}
  m_PrefabInternal: {fileID: 100100000}
  m_GameObject: {fileID: 1282587338431594}
  m_Enabled: 1
  m_EditorHideFlags: 0
  m_Script: {fileID: 11500000, guid: 9e9d4aa2eb6d96240a82fa2df8add0d6, type: 3}
  m_Name: 
  m_EditorClassIdentifier: 
  delayBeforeIdentifyingSameCards: 5
  delayBeforeBecomingChildOfValidationPoint: 2
  cardRef: {fileID: 0}
  cardValidationPointAssigned: {fileID: 0}
  cardDiscardPoint: {fileID: 0}
  isThereSameCardTypeCurrentlyActive: 0
  isSelected: 0
  isCardSelectable: 0
  canBeDiscarded: 0
  didCheckSameCardType: 0
  isOtherCardTypeAlreadyPicked: 0
  allCardsList: []
  similarCardTypeList: []
--- !u!114 &114853723940178896
MonoBehaviour:
  m_ObjectHideFlags: 1
  m_PrefabParentObject: {fileID: 0}
  m_PrefabInternal: {fileID: 100100000}
  m_GameObject: {fileID: 1282587338431594}
  m_Enabled: 1
  m_EditorHideFlags: 0
  m_Script: {fileID: 11500000, guid: 9eb35234601da8f4b9670f9ea18ae5b2, type: 3}
  m_Name: 
  m_EditorClassIdentifier: 
--- !u!114 &114878794837709224
MonoBehaviour:
  m_ObjectHideFlags: 1
  m_PrefabParentObject: {fileID: 0}
  m_PrefabInternal: {fileID: 100100000}
  m_GameObject: {fileID: 1282587338431594}
  m_Enabled: 1
  m_EditorHideFlags: 0
  m_Script: {fileID: 1392445389, guid: f5f67c52d1564df4a8936ccd202a3bd8, type: 3}
  m_Name: 
  m_EditorClassIdentifier: 
  m_Navigation:
    m_Mode: 3
    m_SelectOnUp: {fileID: 0}
    m_SelectOnDown: {fileID: 0}
    m_SelectOnLeft: {fileID: 0}
    m_SelectOnRight: {fileID: 0}
  m_Transition: 1
  m_Colors:
    m_NormalColor: {r: 1, g: 1, b: 1, a: 1}
    m_HighlightedColor: {r: 0.4705882, g: 0.4705882, b: 0.4705882, a: 1}
    m_PressedColor: {r: 0.1102941, g: 0.1102941, b: 0.1102941, a: 1}
    m_DisabledColor: {r: 0.9411765, g: 0, b: 0, a: 0.5019608}
    m_ColorMultiplier: 1
    m_FadeDuration: 0.1
  m_SpriteState:
    m_HighlightedSprite: {fileID: 0}
    m_PressedSprite: {fileID: 0}
    m_DisabledSprite: {fileID: 0}
  m_AnimationTriggers:
    m_NormalTrigger: Normal
    m_HighlightedTrigger: Highlighted
    m_PressedTrigger: Pressed
    m_DisabledTrigger: Disabled
  m_Interactable: 1
  m_TargetGraphic: {fileID: 114534864521189312}
  m_OnClick:
    m_PersistentCalls:
      m_Calls: []
    m_TypeName: UnityEngine.UI.Button+ButtonClickedEvent, UnityEngine.UI, Version=1.0.0.0,
      Culture=neutral, PublicKeyToken=null
--- !u!222 &222002059951117090
CanvasRenderer:
  m_ObjectHideFlags: 1
  m_PrefabParentObject: {fileID: 0}
  m_PrefabInternal: {fileID: 100100000}
  m_GameObject: {fileID: 1415177900994942}
--- !u!222 &222388040904994080
CanvasRenderer:
  m_ObjectHideFlags: 1
  m_PrefabParentObject: {fileID: 0}
  m_PrefabInternal: {fileID: 100100000}
  m_GameObject: {fileID: 1282587338431594}
--- !u!222 &222840735489401146
CanvasRenderer:
  m_ObjectHideFlags: 1
  m_PrefabParentObject: {fileID: 0}
  m_PrefabInternal: {fileID: 100100000}
  m_GameObject: {fileID: 1106658457573136}
--- !u!222 &222967176897360910
CanvasRenderer:
  m_ObjectHideFlags: 1
  m_PrefabParentObject: {fileID: 0}
  m_PrefabInternal: {fileID: 100100000}
  m_GameObject: {fileID: 1600379798006058}
--- !u!224 &224331183497399956
RectTransform:
  m_ObjectHideFlags: 1
  m_PrefabParentObject: {fileID: 0}
  m_PrefabInternal: {fileID: 100100000}
  m_GameObject: {fileID: 1415177900994942}
  m_LocalRotation: {x: -0, y: -0, z: -0, w: 1}
  m_LocalPosition: {x: 0, y: 0, z: 0}
  m_LocalScale: {x: 1, y: 1, z: 1}
  m_Children: []
  m_Father: {fileID: 224452995589734924}
  m_RootOrder: 2
  m_LocalEulerAnglesHint: {x: 0, y: 0, z: 0}
  m_AnchorMin: {x: 0.5, y: 0.5}
  m_AnchorMax: {x: 0.5, y: 0.5}
  m_AnchoredPosition: {x: 0, y: -88}
  m_SizeDelta: {x: 160, y: 30}
  m_Pivot: {x: 0.5, y: 0.5}
--- !u!224 &224392461901903046
RectTransform:
  m_ObjectHideFlags: 1
  m_PrefabParentObject: {fileID: 0}
  m_PrefabInternal: {fileID: 100100000}
  m_GameObject: {fileID: 1106658457573136}
  m_LocalRotation: {x: 0, y: 0, z: 0, w: 1}
  m_LocalPosition: {x: 0, y: 0, z: 0}
  m_LocalScale: {x: 1, y: 1, z: 1}
  m_Children: []
  m_Father: {fileID: 224452995589734924}
  m_RootOrder: 0
  m_LocalEulerAnglesHint: {x: 0, y: 0, z: 0}
  m_AnchorMin: {x: 0.5, y: 0.5}
  m_AnchorMax: {x: 0.5, y: 0.5}
  m_AnchoredPosition: {x: 0.000002861023, y: 0}
  m_SizeDelta: {x: 100, y: 100}
  m_Pivot: {x: 0.5, y: 0.5}
--- !u!224 &224452995589734924
RectTransform:
  m_ObjectHideFlags: 1
  m_PrefabParentObject: {fileID: 0}
  m_PrefabInternal: {fileID: 100100000}
  m_GameObject: {fileID: 1282587338431594}
  m_LocalRotation: {x: -0, y: -0, z: -0, w: 1}
  m_LocalPosition: {x: 0, y: 0, z: 0}
  m_LocalScale: {x: 1, y: 1, z: 1}
  m_Children:
  - {fileID: 224392461901903046}
  - {fileID: 224832729795061908}
  - {fileID: 224331183497399956}
  m_Father: {fileID: 0}
  m_RootOrder: 0
  m_LocalEulerAnglesHint: {x: 0, y: 0, z: 0}
  m_AnchorMin: {x: 0.5, y: 0.5}
  m_AnchorMax: {x: 0.5, y: 0.5}
  m_AnchoredPosition: {x: 0, y: 0}
  m_SizeDelta: {x: 128, y: 128}
  m_Pivot: {x: 0.5, y: 0.5}
--- !u!224 &224832729795061908
RectTransform:
  m_ObjectHideFlags: 1
  m_PrefabParentObject: {fileID: 0}
  m_PrefabInternal: {fileID: 100100000}
  m_GameObject: {fileID: 1600379798006058}
  m_LocalRotation: {x: 0, y: 0, z: 0, w: 1}
  m_LocalPosition: {x: 0, y: 0, z: 0}
  m_LocalScale: {x: 1, y: 1, z: 1}
  m_Children: []
  m_Father: {fileID: 224452995589734924}
  m_RootOrder: 1
  m_LocalEulerAnglesHint: {x: 0, y: 0, z: 0}
  m_AnchorMin: {x: 0.5, y: 0.5}
  m_AnchorMax: {x: 0.5, y: 0.5}
  m_AnchoredPosition: {x: 0, y: 84}
  m_SizeDelta: {x: 160, y: 30}
  m_Pivot: {x: 0.5, y: 0.5}
