%YAML 1.1
%TAG !u! tag:unity3d.com,2011:
--- !u!1001 &100100000
Prefab:
  m_ObjectHideFlags: 1
  serializedVersion: 2
  m_Modification:
    m_TransformParent: {fileID: 0}
    m_Modifications: []
    m_RemovedComponents: []
  m_ParentPrefab: {fileID: 0}
  m_RootGameObject: {fileID: 1418182376965058}
  m_IsPrefabParent: 1
--- !u!1 &1418182376965058
GameObject:
  m_ObjectHideFlags: 0
  m_PrefabParentObject: {fileID: 0}
  m_PrefabInternal: {fileID: 100100000}
  serializedVersion: 5
  m_Component:
  - component: {fileID: 224162236437579598}
  - component: {fileID: 114970204863181678}
  - component: {fileID: 114203471918719632}
  - component: {fileID: 114040749780593560}
  - component: {fileID: 114364435924727872}
  m_Layer: 5
  m_Name: TestCanvasManagers
  m_TagString: Untagged
  m_Icon: {fileID: 0}
  m_NavMeshLayer: 0
  m_StaticEditorFlags: 0
  m_IsActive: 1
--- !u!114 &114040749780593560
MonoBehaviour:
  m_ObjectHideFlags: 1
  m_PrefabParentObject: {fileID: 0}
  m_PrefabInternal: {fileID: 100100000}
  m_GameObject: {fileID: 1418182376965058}
  m_Enabled: 1
  m_EditorHideFlags: 0
  m_Script: {fileID: 11500000, guid: ae08d4015f63a3344825afbea15271b5, type: 3}
  m_Name: 
  m_EditorClassIdentifier: 
  deckType: 0
  mainDishDeck:
  - {fileID: 1282587338431594, guid: cc13c8e1592be0a42b3caa3fd8899b9c, type: 2}
  - {fileID: 1282587338431594, guid: d7afb81e54aded8429ac68145555a6c5, type: 2}
  - {fileID: 1282587338431594, guid: 3c97d80c684bb964ba8de5f06470adae, type: 2}
  - {fileID: 1282587338431594, guid: 422ec713cd4c8fb44aff76b520d43488, type: 2}
  - {fileID: 1282587338431594, guid: c74f2dc42e7aba04a9ff121202fc0695, type: 2}
  - {fileID: 1282587338431594, guid: e8da55b85738a8a4dab19933a6b6b263, type: 2}
  - {fileID: 1282587338431594, guid: df5d6df0319a60142b702bb006bf47bd, type: 2}
  - {fileID: 1282587338431594, guid: 8c4e5d029b366dd4eb9a1a0915d0d04c, type: 2}
  - {fileID: 1282587338431594, guid: 054e75d7f3b50ed40b72cef6a834c06a, type: 2}
  - {fileID: 1282587338431594, guid: 000b001054d92b54cbc77fa6bf100053, type: 2}
  sideDishDeck:
  - {fileID: 1282587338431594, guid: c66e88dc0f9f880498723e1e3707b85e, type: 2}
  - {fileID: 1282587338431594, guid: 1b7b719bdd6f05f47b20ddc9f6f02307, type: 2}
  - {fileID: 1282587338431594, guid: bbfd2b9b22435a1469f67999e77cb45c, type: 2}
  - {fileID: 1282587338431594, guid: 87cdf23b4975e6540b24e4e49ab93f85, type: 2}
  - {fileID: 1282587338431594, guid: 197082f969b0e8849aee818afadb6c4c, type: 2}
  - {fileID: 1282587338431594, guid: a396ebcbdbf940a4692c4213ed5ff18a, type: 2}
  - {fileID: 1282587338431594, guid: 8db4a4cbb58038b4885c47d0ed911420, type: 2}
  - {fileID: 1282587338431594, guid: 316ba0317b248054385bc25e6a233dec, type: 2}
  - {fileID: 1282587338431594, guid: c63c5ed4e0ab7dc42bac2dd9c027fdbb, type: 2}
  - {fileID: 1282587338431594, guid: 44553405542b00f4fb88a4b27260169d, type: 2}
  dessertDeck:
  - {fileID: 1282587338431594, guid: 8f1aecfc4e8efce4282809fe04d4db1e, type: 2}
  - {fileID: 1282587338431594, guid: e13df22b885135644b186ccf9d202a61, type: 2}
  - {fileID: 1282587338431594, guid: 7b369dae0639b7b47a943323f535efbd, type: 2}
  - {fileID: 1282587338431594, guid: 589130d2c922c914b8d144d17fd23720, type: 2}
  - {fileID: 1282587338431594, guid: 3c17a93477b0c2a4fa261c7f002170cf, type: 2}
  - {fileID: 1282587338431594, guid: d4f073f67080ca847ae65c7bfbafb333, type: 2}
  - {fileID: 1282587338431594, guid: d8ff6ac82b319cf468fa2b56160d7600, type: 2}
  - {fileID: 1282587338431594, guid: 3bd08acf53b95e247be032646d31c3c3, type: 2}
  - {fileID: 1282587338431594, guid: 86b9d1eaa0661064684691b04a6a44ea, type: 2}
  - {fileID: 1282587338431594, guid: f0044261d7c8927438b2d53ce63ad8bf, type: 2}
  drinkDeck:
  - {fileID: 1282587338431594, guid: 566096c02553e6a42a803711bcbe0144, type: 2}
  - {fileID: 1282587338431594, guid: bc268f5b4d1699a4d8b9cbc0e61e4d17, type: 2}
  - {fileID: 1282587338431594, guid: 1b51819d2eca1eb458fcfe2c2d022aa2, type: 2}
  - {fileID: 1282587338431594, guid: 6faf8db1646f1dd45984aa03ff4e7bd2, type: 2}
  - {fileID: 1282587338431594, guid: 3af3f08d2774b6e4faa4e22ce6159801, type: 2}
  - {fileID: 1282587338431594, guid: 5dcf4c224e811c24cbb3f177afca15a4, type: 2}
  - {fileID: 1282587338431594, guid: 3b708f7a03177904b91179f839b3fa33, type: 2}
  - {fileID: 1282587338431594, guid: 684211d68edc077478a7ff454ec294d3, type: 2}
  - {fileID: 1282587338431594, guid: 45e57a8a23f4abb4ba1009a3a5306e4a, type: 2}
  - {fileID: 1282587338431594, guid: 7e751ac8e0354b84bbaa494543652f37, type: 2}
--- !u!114 &114203471918719632
MonoBehaviour:
  m_ObjectHideFlags: 1
  m_PrefabParentObject: {fileID: 0}
  m_PrefabInternal: {fileID: 100100000}
  m_GameObject: {fileID: 1418182376965058}
  m_Enabled: 1
  m_EditorHideFlags: 0
  m_Script: {fileID: 11500000, guid: 9fd841a74a4d7bf4eafd9e07637ea604, type: 3}
  m_Name: 
  m_EditorClassIdentifier: 
  startDelay: 6
  currentCardSelectableList: []
  currentCardMealSelected: []
  shouldCalculateCardsSelected: 0
  validationMealPanel: {fileID: 0}
--- !u!114 &114364435924727872
MonoBehaviour:
  m_ObjectHideFlags: 1
  m_PrefabParentObject: {fileID: 0}
  m_PrefabInternal: {fileID: 100100000}
  m_GameObject: {fileID: 1418182376965058}
  m_Enabled: 0
  m_EditorHideFlags: 0
  m_Script: {fileID: 11500000, guid: 8b4e9e05194a00e44bb42811d411b7e7, type: 3}
  m_Name: 
  m_EditorClassIdentifier: 
  Gamestates: 0
  EatingPeriod: 0
  GameplayStates: 0
  startDelay: 1
  introObject: {fileID: 0}
  nextDay: 0
--- !u!114 &114970204863181678
MonoBehaviour:
  m_ObjectHideFlags: 1
  m_PrefabParentObject: {fileID: 0}
  m_PrefabInternal: {fileID: 100100000}
  m_GameObject: {fileID: 1418182376965058}
  m_Enabled: 1
  m_EditorHideFlags: 0
  m_Script: {fileID: 11500000, guid: 486a4c4873e1dc1478c95fa2e8a8a32e, type: 3}
  m_Name: 
  m_EditorClassIdentifier: 
  allMealCardsSpawned: 0
  delayBewteenSpawn: 0.3
  delayBeforeBecomingChild: 3
  deckCanvas: {fileID: 0}
  cardSelectionGroup: {fileID: 0}
  spawnPoint: {fileID: 0}
  initPoints:
  - {fileID: 0}
  - {fileID: 0}
  - {fileID: 0}
  - {fileID: 0}
  - {fileID: 0}
  - {fileID: 0}
  - {fileID: 0}
  - {fileID: 0}
  cardNumberSpawn: 8
  cardClone: {fileID: 0}
--- !u!224 &224162236437579598
RectTransform:
  m_ObjectHideFlags: 1
  m_PrefabParentObject: {fileID: 0}
  m_PrefabInternal: {fileID: 100100000}
  m_GameObject: {fileID: 1418182376965058}
  m_LocalRotation: {x: -0, y: -0, z: -0, w: 1}
  m_LocalPosition: {x: 0, y: 0, z: 0}
  m_LocalScale: {x: 1, y: 1, z: 1}
  m_Children: []
  m_Father: {fileID: 0}
  m_RootOrder: 0
  m_LocalEulerAnglesHint: {x: 0, y: 0, z: 0}
  m_AnchorMin: {x: 0.5, y: 0.5}
  m_AnchorMax: {x: 0.5, y: 0.5}
  m_AnchoredPosition: {x: 0, y: 0}
  m_SizeDelta: {x: 100, y: 100}
  m_Pivot: {x: 0.5, y: 0.5}
